@Manual{Oelschlaeger:2022,
  title        = {ino: Initialization of Numerical Optimization},
  author       = {Lennart Oelschläger and Marius Ötting},
  year         = {2022},
  note         = {R package version 0.1.0},
  url          = {https://CRAN.R-project.org/package=ino}
}

@Manual{R,
  title        = {\proglang{R}: {A} Language and Environment for Statistical Computing},
  author       = {{\proglang{R} Core Team}},
  organization = {\proglang{R} Foundation for Statistical Computing},
  address      = {Vienna, Austria},
  year         = {2017},
  url          = {https://www.R-project.org/}
}
