@book{Bonnans:2006,
  title     = {Numerical optimization: theoretical and practical aspects},
  author    = {Bonnans, Joseph-Fr{\'e}d{\'e}ric and Gilbert, Jean Charles and Lemar{\'e}chal, Claude and Sagastiz{\'a}bal, Claudia A},
  year      = {2006},
  publisher = {Springer Science \& Business Media}
}

@article{Nocedal:2006,
  title     = {Quadratic programming},
  author    = {Nocedal, Jorge and Wright, Stephen J},
  journal   = {Numerical optimization},
  pages     = {448--492},
  year      = {2006},
  publisher = {Springer}
}
